@Manual{R-base,
  title = {R: A Language and Environment for Statistical Computing},
  author = {{R Core Team}},
  organization = {R Foundation for Statistical Computing},
  address = {Vienna, Austria},
  year = {2020},
  url = {https://www.R-project.org/},
}
@Manual{R-kableExtra,
  title = {kableExtra: Construct Complex Table with 'kable' and Pipe Syntax},
  author = {Hao Zhu},
  year = {2021},
  note = {http://haozhu233.github.io/kableExtra/,
https://github.com/haozhu233/kableExtra},
}
@Manual{R-papaja,
  author = {Frederik Aust and Marius Barth},
  title = {{papaja}: {Create} {APA} manuscripts with {R Markdown}},
  year = {2020},
  note = {R package version 0.1.0.9997},
  url = {https://github.com/crsh/papaja},
}

@article{marelich2008,
	title = {Sexual Deception as a Social-Exchange Process: Development of a Behavior-Based Sexual Deception Scale},
	author = {{Marelich}, {William D.} and {Lundquist}, {Jessica} and {Painter}, {Kimberly} and {Mechanic}, {Mindy B.}},
	year = {2008},
	month = {01},
	date = {2008-01-24},
	journal = {Journal of Sex Research},
	pages = {27--35},
	volume = {45},
	number = {1},
	doi = {10.1080/00224490701596176},
	url = {http://dx.doi.org/10.1080/00224490701596176},
	langid = {en}
}
